% Bibliography for MEng project

@article{muggleton1994inductive,
  title={Inductive logic programming: Theory and methods},
  author={Muggleton, Stephen and De Raedt, Luc},
  journal={The Journal of Logic Programming},
  volume={19},
  pages={629--679},
  year={1994},
  publisher={Elsevier}
}

@article{muggleton1995inverse,
  title={Inverse entailment and Progol},
  author={Muggleton, Stephen},
  journal={New generation computing},
  volume={13},
  number={3-4},
  pages={245--286},
  year={1995},
  publisher={Springer}
}
