% Bibliography for MEng project

@article{muggleton1994inductive,
  title={Inductive logic programming: Theory and methods},
  author={Muggleton, Stephen and De Raedt, Luc},
  journal={The Journal of Logic Programming},
  volume={19},
  pages={629--679},
  year={1994},
  publisher={Elsevier}
}

@article{muggleton1995inverse,
  title={Inverse entailment and Progol},
  author={Muggleton, Stephen},
  journal={New generation computing},
  volume={13},
  number={3-4},
  pages={245--286},
  year={1995},
  publisher={Springer}
}

% CASAS datasets
@article{cook2009assessing,
  title={Assessing the quality of activities in a smart environment},
  author={Cook, Diane J and Schmitter-Edgecombe, M and others},
  journal={Methods Inf Med},
  volume={48},
  number={5},
  pages={480--485},
  year={2009}
}

% Sub-refs from mugleton
@article{king1992drug,
  title={Drug design by machine learning: The use of inductive logic programming to model the structure-activity relationships of trimethoprim analogues binding to dihydrofolate reductase},
  author={King, Ross D and Muggleton, Stephen and Lewis, Richard A and Sternberg, MJ},
  journal={Proceedings of the national academy of sciences},
  volume={89},
  number={23},
  pages={11322--11326},
  year={1992},
  publisher={National Acad Sciences}
}

@article{michael1992modelling,
  title={Modelling the structure and function of enzymes by machine learning},
  author={Michael, JE and Ross, D and others},
  journal={Faraday discussions},
  volume={93},
  pages={269--280},
  year={1992},
  publisher={Royal Society of Chemistry}
}

@article{muggleton1992protein,
  title={Protein secondary structure prediction using logic-based machine learning},
  author={Muggleton, Stephen and King, Ross D and Stenberg, Michael JE},
  journal={Protein Engineering},
  volume={5},
  number={7},
  pages={647--657},
  year={1992},
  publisher={Oxford Univ Press}
}

@book{shapiro1983algorithmic,
  title={Algorithmic program debugging},
  author={Shapiro, Ehud Y},
  year={1983},
  publisher={MIT press}
}

@article{bergadno1993inductive,
  title={Inductive test case generation},
  author={Bergadano, F. and Brusotti, S. and Gunetti, D. and Trinchero, U.},
  journal = {In Stephen Muggleton, editor, Proceedings of the Third International Workshop on Inductive Logic Programming (ILP-93), pages 11--24},
  address = {Bled, Slovenia},
  year = {1993}
}

@article{bratko1993inductive,
  title={Inductive learning applied to program construction and verification},
  author={Bratko, Ivan and Grobelnik, Marko},
  year={1993},
  publisher={North-Holland Publishing Co.}
}

@article{plotkin1972automatic,
  title={Automatic methods of inductive inference},
  author={Plotkin, Gordon},
  year={1972},
  publisher={The University of Edinburgh}
}

@article{populationAgeing,
  title={World Population Prospect The 2008 Revision},
  author={{United Nations}},
  year={2009},
  publisher={Department of Economic and Social Affairs, Population Division, United Nations}
}

@misc{sphere,
  title={The SPHERE Project},
  author={{SPHERE: An EPSRC Interdisciplinary Research Collaboration}},
  howpublished={\url{http://www.irc-sphere.ac.uk/}}
}

@article{Szewczyk:2004:HMS:990680.990704,
 author = {Szewczyk, Robert and Osterweil, Eric and Polastre, Joseph and Hamilton, Michael and Mainwaring, Alan and Estrin, Deborah},
 title = {Habitat Monitoring with Sensor Networks},
 journal = {Commun. ACM},
 issue_date = {June 2004},
 volume = {47},
 number = {6},
 month = jun,
 year = {2004},
 issn = {0001-0782},
 pages = {34--40},
 numpages = {7},
 url = {http://doi.acm.org/10.1145/990680.990704},
 doi = {10.1145/990680.990704},
 acmid = {990704},
 publisher = {ACM},
 address = {New York, NY, USA},
} 

@article{amin2005toward,
  title={Toward a smart grid: power delivery for the 21st century},
  author={Amin, S Massoud and Wollenberg, Bruce F},
  journal={Power and Energy Magazine, IEEE},
  volume={3},
  number={5},
  pages={34--41},
  year={2005},
  publisher={IEEE}
}

@inproceedings{moore2005data,
  title={Data center workload monitoring, analysis, and emulation},
  author={Moore, Justin and Chase, Jeff and Farkas, Keith and Ranganathan, Parthasarathy},
  booktitle={Eighth Workshop on Computer Architecture Evaluation using Commercial Workloads},
  year={2005}
}

@inproceedings{filipponi2010smart,
  title={Smart city: An event driven architecture for monitoring public spaces with heterogeneous sensors},
  author={Filipponi, Luca and Vitaletti, Andrea and Landi, Giada and Memeo, Vincenzo and Laura, Giorgio and Pucci, Paolo},
  booktitle={Sensor Technologies and Applications (SENSORCOMM), 2010 Fourth International Conference on},
  pages={281--286},
  year={2010},
  organization={IEEE}
}

@article{fatima2013unified,
  title={A unified framework for activity recognition-based behavior analysis and action prediction in smart homes},
  author={Fatima, Iram and Fahim, Muhammad and Lee, Young-Koo and Lee, Sungyoung},
  journal={Sensors},
  volume={13},
  number={2},
  pages={2682--2699},
  year={2013},
  publisher={Multidisciplinary Digital Publishing Institute}
}

@article{fatima2013analysis,
  title={Analysis and effects of smart home dataset characteristics for daily life activity recognition},
  author={Fatima, Iram and Fahim, Muhammad and Lee, Young-Koo and Lee, Sungyoung},
  journal={The Journal of Supercomputing},
  volume={66},
  number={2},
  pages={760--780},
  year={2013},
  publisher={Springer}
}

@inproceedings{nazerfard2010conditional,
  title={Conditional random fields for activity recognition in smart environments},
  author={Nazerfard, Ehsan and Das, Barnan and Holder, Lawrence B and Cook, Diane J},
  booktitle={Proceedings of the 1st ACM International Health Informatics Symposium},
  pages={282--286},
  year={2010},
  organization={ACM}
}

@incollection{hsu2010strategies,
  title={Strategies for inference mechanism of conditional random fields for multiple-resident activity recognition in a smart home},
  author={Hsu, Kuo-Chung and Chiang, Yi-Ting and Lin, Gu-Yang and Lu, Ching-Hu and Hsu, Jane Yung-Jen and Fu, Li-Chen},
  booktitle={Trends in Applied Intelligent Systems},
  pages={417--426},
  year={2010},
  publisher={Springer}
}

@article{singla2010recognizing,
  title={Recognizing independent and joint activities among multiple residents in smart environments},
  author={Singla, Geetika and Cook, Diane J and Schmitter-Edgecombe, Maureen},
  journal={Journal of ambient intelligence and humanized computing},
  volume={1},
  number={1},
  pages={57--63},
  year={2010},
  publisher={Springer}
}

@article{crandall2009coping,
  title={Coping with multiple residents in a smart environment},
  author={Crandall, Aaron S and Cook, Diane J},
  journal={Journal of Ambient Intelligence and Smart Environments},
  volume={1},
  number={4},
  pages={323--334},
  year={2009},
  publisher={IOS Press}
}

@article{cook2013transfer,
  title={Transfer learning for activity recognition: A survey},
  author={Cook, Diane and Feuz, Kyle D and Krishnan, Narayanan C},
  journal={Knowledge and information systems},
  volume={36},
  number={3},
  pages={537--556},
  year={2013},
  publisher={Springer}
}

@article{van2010activity,
  title={An activity monitoring system for elderly care using generative and discriminative models},
  author={Van Kasteren, TLM and Englebienne, Gwenn and Kr{\"o}se, Ben JA},
  journal={Personal and ubiquitous computing},
  volume={14},
  number={6},
  pages={489--498},
  year={2010},
  publisher={Springer}
}

@article{cook2013activity,
  title={Activity discovery and activity recognition: A new partnership},
  author={Cook, Diane J and Krishnan, Narayanan C and Rashidi, Parisa},
  journal={Cybernetics, IEEE Transactions on},
  volume={43},
  number={3},
  pages={820--828},
  year={2013},
  publisher={IEEE}
}

@article{rashidi2011discovering,
  title={Discovering activities to recognize and track in a smart environment},
  author={Rashidi, Parisa and Cook, Diane J and Holder, Lawrence B and Schmitter-Edgecombe, Maureen},
  journal={Knowledge and Data Engineering, IEEE Transactions on},
  volume={23},
  number={4},
  pages={527--539},
  year={2011},
  publisher={IEEE}
}
